@book{yoshida1985,
  author = {吉田 義夫},
  title = {牛岩丸の華麗な守備},
  publisher = {猛虎出版},
  year = {1985},
  address = {西宮}
}

@article{hoshino2003,
  author = {星野 仙二},
  title = {ああしんどかった},
  journal = {デーリージャーナル},
  year = {2003},
  volume = {77},
  number = {1},
  pages = {9--15}
}

@book{okada2005,
  author = {Okida,Akinobi},
  title = {Sora souyade},
  publisher = {TigerTiger},
  year = {2005},
  address = {Osaka}
}

@article{okada2023,
  author = {Okida,Akinobi},
  title = {Just do it normally},
  journal = {Journal of Koshien Methods},
  year = {2023},
  volume = {80},
  number = {1},
  pages = {9--14}
}
